% paper
@inproceedings{norris2008quantization,
  title={Quantization noise shaping in digital PWM converters},
  author={Norris, Mark and Platon, Lazaro Marco and Alarcon, Eduard and Maksimovic, Dragan},
  booktitle={2008 IEEE Power Electronics Specialists Conference},
  pages={127--133},
  year={2008},
  organization={IEEE}
}
% 1
@article{deblecker2011high,
  title={High-resolution DPWM using sigma-delta modulator implemented on a low-cost Buck development board},
  author={Deblecker, O},
  journal={International Journal of Electrical Engineering Education},
  volume={48},
  number={4},
  pages={391--404},
  year={2011},
  publisher={SAGE Publications Sage UK: London, England}
}
% 2
@inproceedings{kelly2005high,
  title={High resolution DPWM in a DC-DC converter application using digital sigma-delta techniques},
  author={Kelly, Anthony and Rinne, Karl},
  booktitle={2005 IEEE 36th Power Electronics Specialists Conference},
  pages={1458--1463},
  year={2005},
  organization={IEEE}
}


@article{lukic2007multibit,
  title={Multibit {$\Sigma$--$\Delta$} {PWM} digital controller {IC} for DC--DC converters operating at switching frequencies beyond 10 MHz},
  author={Lukic, Zdravko and Rahman, Nabeel and Prodie, Aleksandar},
  journal={IEEE Transactions on Power Electronics},
  volume={22},
  number={5},
  pages={1693--1707},
  year={2007},
  publisher={IEEE}
}
% 6
@inproceedings{sato2007output,
  title={Output waveform improvement of high switching frequency PWM inverters introducing digital signal processing},
  author={Sato, Y and Jiang, M},
  booktitle={2007 Power Conversion Conference-Nagoya},
  pages={800--803},
  year={2007},
  organization={IEEE}
}




